@book{swan2015blockchain,
  title={Blockchain: Blueprint for a new economy},
  author={Swan, Melanie},
  year={2015},
  publisher={O'Reilly Media, Inc.}
}

@inproceedings{chen2018infocom,
  title={Understanding Ethereum via Graph Analysis},
  author={Chen Ting, Yuxiao Zhu, Zihao Li, Jiachi Chen, Xiaoqi Li, Xiapu Luo, Xiaodong Lin and Xiaosong Zhang},
  year={2018},
  booktitle={IEEE INFOCOM 2018}
}

@misc{erc-20-wiki,
  author = {Theethereum},
  title = {{ERC-20 Token Standard - The Ethereum Wiki}},
    howpublished = "\url{https://theethereum.wiki/w/index.php/ERC20_Token_Standard}",
  year = {2017}, 
  note = "[Online; accessed 30-August-2017]"
}

@misc{erc-20,
  author = {BitcoinForBeginners},
  title = {{ What is an ERC20 Token}},
    howpublished = "\url{https://www.bitcoinforbeginners.io/cryptocurrency-guide/what-is-an-erc20-token/}",
  year = {2018}, 
  note = "[Online; accessed 14-June-2018]"
}

@article{goyal2018capturing,
  title={Capturing Edge Attributes via Network Embedding},
  author={Goyal, Palash and Hosseinmardi, Homa and Ferrara, Emilio and Galstyan, Aram},
  journal={arXiv preprint arXiv:1805.03280},
  year={2018}
}